@book{UBHD-67569764,
 title={Universit{\"a}tsbibliothek Heidelberg, Cod. Pal. germ. 324},
 language={gmh lat},
 url={http://digi.ub.uni-heidelberg.de/diglit/cpg324},
},

@online{ubheidelber_bibpal,
	author = {Ulrike Spyra, Maria Effinger, Universitätsbibliothek Heidelberg},
	year = 2008,
	month = 09,
	title = {Bibliotheca Palatina – digital » Cod. Pal. germ. 324: 'Virginal'},
	url = {http://digi.ub.uni-heidelberg.de/de/bpd/glanzlichter/oberdeutsche/lauber/cpg324.html},
	urldate = {2015-01-30}
},

@online{virginal352v,
	author = {Universitätsbibliothek Heidelberg},
	title = {Cod. Pal. germ. 324 'Virginal' (Hagenau - Werkstatt Diebold Lauber, um 1444-1448)},
	url = {http://digi.ub.uni-heidelberg.de/diglit/cpg324/0722},
	urldate = {2015-01-30}
}

@online{virginal251r,
	author = {Universitätsbibliothek Heidelberg},
	title = {Cod. Pal. germ. 324 'Virginal' (Hagenau - Werkstatt Diebold Lauber, um 1444-1448)},
	url = {http://digi.ub.uni-heidelberg.de/diglit/cpg324/0519},
	urldate = {2015-01-30}
},

@online{wiki_bernerton,
	author = {Wikipedia},
	title = {Bernerton – Wikipedia},
	url = {http://de.wikipedia.org/wiki/Bernerton},
	urldate = {2015-01-30}
},

@online{ubh_bernerton,
	author = {Universitätsbibliothek Heidelberg},
	title = {Hagen, Friedrich Heinrich von der   [Hrsg.]: Heldenbuch: altdeutsche Heldenlieder aus dem Sagenkreise Dietrichs von Bern und der Nibelungen (Band 2 (S. 103-522)): Dietrich und seine Gesellen (Leipzig, 1855)},
	url = {http://digi.ub.uni-heidelberg.de/diglit/vdHagen1855B2/0006?sid=426cdc3583ca2026cfd286eee0c0e25b},
	urldate = {2015-01-30}
},

@online{wiki_virginal,
	author = {Wikipedia},
	title = {Virginal (Dietrichepik) – Wikipedia},
	url = {http://de.wikipedia.org/wiki/Virginal_%28Dietrichepik%29},
	urldate = {2015-01-30}
},

@online{fhvdh_helden,
	author = {Universitätsbibliothek Heidelberg},
	title = {Hagen, Friedrich Heinrich von der   [Hrsg.]: Heldenbuch: altdeutsche Heldenlieder aus dem Sagenkreise Dietrichs von Bern und der Nibelungen (Band 2 (S. 103-522)): Dietrich und seine Gesellen (Leipzig, 1855)},
	url = {http://digi.ub.uni-heidelberg.de/diglit/vdHagen1855B2},
	urldate = {2015-02-05}
},

@online{juxta,
	author = {Juxta},
	title = {Juxta | Collation Software for Scholars},
	url = {http://www.juxtasoftware.org/},
	urldate = {2015-02-05}
},


@online{calibre,
	author = {Calibre},
	title = {calibre - E-book management},
	url = {http://calibre-ebook.com/},
	urldate = {2015-02-05}
},