@book{UBHD-67569764,
 title={Universit{\"a}tsbibliothek Heidelberg, Cod. Pal. germ. 324},
 language={gmh lat},
 url={http://digi.ub.uni-heidelberg.de/diglit/cpg324},
}